@ARTICLE{dal12,
   author = {{Dale}, J.~E. and {Ercolano}, B. and {Bonnell}, I.~A.},
    title = "{Ionizing feedback from massive stars in massive clusters - II. Disruption of bound clusters by photoionization}",
  journal = {MNRAS},
archivePrefix = "arXiv",
   eprint = {1205.0360},
 keywords = {stars: formation, H II regions},
     year = 2012,
    month = jul,
   volume = 424,
    pages = {377-392},
      doi = {10.1111/j.1365-2966.2012.21205.x},
   adsurl = {http://adsabs.harvard.edu/abs/2012MNRAS.424..377D},
  adsnote = {Provided by the SAO/NASA Astrophysics Data System}
}

